@article{cox1958logistic,
  author  = {Cox, D. R.},
  title   = {The Regression Analysis of Binary Sequences},
  journal = {Journal of the Royal Statistical Society. Series B (Methodological)},
  volume  = {20},
  number  = {2},
  pages   = {215--242},
  year    = {1958},
  publisher = {Wiley for the Royal Statistical Society}
}

@article{supert2023offensive,
  author    = {Suhartono, Derwin and others},
  title     = {Offensive Language Detection Using Soft Voting Ensemble Model},
  journal   = {Mendel Journal},
  volume    = {29},
  number    = {1},
  pages     = {1-10},
  year      = {2023},
  publisher = {Mendel Journal}
}

@article{bonetti2023comparison,
  author    = {Andrea Bonetti and Marcelino Martínez-Sober and Julio C. Torres and Jose M. Vega and Sebastien Pellerin and Joan Vila-Francés},
  title     = {Comparison between Machine Learning and Deep Learning Approaches for the Detection of Toxic Comments on Social Networks},
  journal   = {Applied Sciences},
  volume    = {13},
  number    = {10},
  pages     = {6038},
  year      = {2023},
  publisher = {MDPI},
  doi       = {10.3390/app13106038},
  url       = {https://www.mdpi.com/2076-3417/13/10/6038}
}

@article{ejemplo2024,
  author = {Pérez, Juan and Gómez, Ana},
  title = {Un Estudio sobre Modelos de Clasificación de Imágenes},
  journal = {Revista de Inteligencia Artificial},
  year = {2024},
  volume = {10},
  pages = {1--10}
}